This file contains: RFT, Statistics, Probability and is then alphabetical.

RFT
@book{Adler2007,
	title={Random fields and geometry},
	author={Adler, Robert J and Taylor, Jonathan E},
	year={2007},
	publisher={Springer Science \& Business Media}
}

Statistics
@book{Evans,
author = {Evans, Merran},
file = {:data/fireback/davenpor/davenpor/Books/Statistics and Linear Algebra/(Wiley Series in Probability and Statistics) Merran Evans, Nicholas Hastings, Brian Peacock-Statistical Distributions -Wiley-Interscience (2000).pdf:pdf},
title = {{Statistical Distri}}
}

Probability
@book{Billingsley1995,
	author = {Billingsley, Patrick},
	year = {1995},
	title = {Probability and Measure},
	publisher = {John Wiley and Sons, Inc}
}

@book{Billingsley1999,
	author = {Billingsley, Patrick},
	year = {1999},
	title = {Convergence of Probability Measures},
	publisher = {John Wiley and Sons, Inc}
}

@book{Kallenberg,
author = {Kallenberg, Olav},
doi = {10.1007/978-3-319-41598-7},
file = {:data/fireback/davenpor/davenpor/Books/Probability/Random Measures and Palm Theory/Olav Kallenberg-Random Measures, Theory and Applications-Springer (2017).pdf:pdf},
isbn = {9783319415963},
title = {{Random Measures , Theory and Applications}}
}

@book{Ledoux2013,
	author = {Ledoux, Michel and Talagrand, Michel },
	title = {Probability in Banach Spaces: isoperimetry and processes},
	publisher = {Springer Science & Business Media},
	year = {2013}
}


Optimization
@book{Absil2008,
author = {Absil, P.-A. and Mahony, R. and Sepulchre, R.},
file = {:data/fireback/davenpor/.local/share/data/Mendeley Ltd./Mendeley Desktop/Downloaded/Absil, Mahony, Sepulchre - Unknown - Optimization Algorithms on Matrix Manifolds(2).pdf:pdf},
isbn = {9780691132983},
title = {{Optimization Algorithms on Matrix Manifolds}}
}

Kernels
@misc{Alpay,
author = {Alpay, Daniel},
file = {:data/fireback/davenpor/.local/share/data/Mendeley Ltd./Mendeley Desktop/Downloaded/Alpay - Unknown - The Schur Algorithm, Reproducing Kernel Spaces and System Theory.pdf:pdf},
title = {{The Schur Algorithm, Reproducing Kernel Spaces and System Theory}},
year = {1998}
}
