This file contains the multiple hypothesis testing citations


@article{Anderson1999,
	title={An empirical comparison of permutation methods for tests of partial regression coefficients in a linear model},
	author={Anderson, Marti J and Legendre, Pierre},
	journal={Journal of statistical computation and simulation},
	volume={62},
	number={3},
	pages={271--303},
	year={1999},
	publisher={Taylor \& Francis}
}
@article{Anderson2001,
	title={Permutation tests for linear models},
	author={Anderson, Marti J and Robinson, John},
	journal={Australian \& New Zealand Journal of Statistics},
	volume={43},
	number={1},
	pages={75--88},
	year={2001},
	publisher={Wiley Online Library}
}

@article{Andreella2023,
	title={Permutation-based true discovery proportions for functional magnetic resonance imaging cluster analysis},
	author={Andreella, Angela and Hemerik, Jesse and Finos, Livio and Weeda, Wouter and Goeman, Jelle},
	journal={Statistics in Medicine},
	publisher={Wiley Online Library},
	year={2023}
}

@article{Benjamini1995,
	title={Controlling the false discovery rate: a practical and powerful approach to multiple testing},
	author={Benjamini, Yoav and Hochberg, Yosef},
	journal={Journal of the Royal statistical society: series B (Methodological)},
	volume={57},
	number={1},
	pages={289--300},
	year={1995},
	publisher={Wiley Online Library}
}

@article{Blanchard2020,
	title={Post hoc confidence bounds on false positives using reference families},
	author={Blanchard, Gilles and Neuvial, Pierre and Roquain, Etienne and others},
	journal={Annals of Statistics},
	volume={48},
	number={3},
	pages={1281--1303},
	year={2020},
	publisher={Institute of Mathematical Statistics}
}

@article{Goeman2021,
	title={Only closed testing procedures are admissible for controlling false discovery proportions},
	author={Goeman, Jelle J and Hemerik, Jesse and Solari, Aldo},
	journal={The Annals of Statistics},
	volume={49},
	number={2},
	pages={1218--1238},
	year={2021},
	publisher={Institute of Mathematical Statistics}
}

@article{Hemerik2018,
	title={Exact testing with random permutations},
	author={Hemerik, Jesse and Goeman, Jelle},
	journal={Test},
	volume={27},
	number={4},
	pages={811--825},
	year={2018},
	publisher={Springer}
}

@article{Hemerik2019,
	title={Permutation-based simultaneous confidence bounds for the false discovery proportion},
	author={Hemerik, Jesse and Solari, Aldo and Goeman, Jelle J},
	journal={Biometrika},
	volume={106},
	number={3},
	pages={635--649},
	year={2019},
	publisher={Oxford University Press}
}

@article{Hemerik2020,
	title={Robust testing in generalized linear models by sign flipping score contributions},
	author={Hemerik, Jesse and Goeman, Jelle J and Finos, Livio},
	journal={Journal of the Royal Statistical Society: Series B (Statistical Methodology)},
	volume={82},
	number={3},
	pages={841--864},
	year={2020},
	publisher={Wiley Online Library}
}


@article{Korn2004,
	title={Controlling the number of false discoveries: application to
	high-dimensional genomic data},
	author={Korn, Edward L and Troendle, James F and McShane, Lisa M and
	Simon, Richard},
	journal={Journal of Statistical Planning and Inference},
	volume={124},
	number={2},
	pages={379--398},
	year={2004},
	publisher={Elsevier}
}


@article{Meinshausen2006,
	title={False discovery control for multiple tests of association under general dependence},
	author={Meinshausen, Nicolai},
	journal={Scandinavian Journal of Statistics},
	volume={33},
	number={2},
	pages={227--237},
	year={2006},
	publisher={Wiley Online Library}
}

@article{Freedman1981,
	title={Bootstrapping regression models},
	author={Freedman, David A},
	journal={The Annals of Statistics},
	volume={9},
	number={6},
	pages={1218--1228},
	year={1981},
	publisher={Institute of Mathematical Statistics}
}

@article{Freedman1983,
	title={A nonstochastic interpretation of reported significance levels},
	author={Freedman, David and Lane, David},
	journal={Journal of Business \& Economic Statistics},
	volume={1},
	number={4},
	pages={292--298},
	year={1983},
	publisher={Taylor \& Francis}
}

@article{Westfall2011,
	title={On using the bootstrap for multiple comparisons},
	author={Westfall, Peter H},
	journal={Journal of biopharmaceutical statistics},
	volume={21},
	number={6},
	pages={1187--1205},
	year={2011},
	publisher={Taylor \& Francis}
}