@article{Afyouni2018,
	author = {Afyouni, Soroosh and Smith, Stephen M. and Nichols, Thomas E.},
	title = {Effective Degrees of Freedom of the Pearson{\textquoteright}s Correlation Coefficient under Autocorrelation},
	elocation-id = {453795},
	year = {2019},
	doi = {10.1101/453795},
	publisher = {Cold Spring Harbor Laboratory},
	URL = {https://www.biorxiv.org/content/early/2019/05/02/453795},
	eprint = {https://www.biorxiv.org/content/early/2019/05/02/453795.full.pdf},
	journal = {bioRxiv}
}

@article{Ge2012,
	title={Increasing power for voxel-wise genome-wide association studies: the random field theory, least square kernel machines and fast permutation procedures},
	author={Ge, Tian and Feng, Jianfeng and Hibar, Derrek P and Thompson, Paul M and Nichols, Thomas E},
	journal={Neuroimage},
	volume={63},
	number={2},
	pages={858--873},
	year={2012},
	publisher={Elsevier}
}

@article{Li2015,
	title={A voxelation-corrected non-stationary 3D cluster-size test based on random field theory},
	author={Li, Huanjie and Nickerson, Lisa D and Zhao, Xuna and Nichols, Thomas E and Gao, Jia-Hong},
	journal={NeuroImage},
	volume={118},
	pages={676--682},
	year={2015},
	publisher={Elsevier}
}

@article{Luo2003,
	title={Diagnosis and exploration of massively univariate neuroimaging models},
	author={Luo, Wen-Lin and Nichols, Thomas E},
	journal={NeuroImage},
	volume={19},
	number={3},
	pages={1014--1032},
	year={2003},
	publisher={Elsevier}
}

@article{Nichols2002,
	title={Nonparametric permutation tests for functional neuroimaging: a primer with examples},
	author={Nichols, Thomas E and Holmes, Andrew P},
	journal={Human brain mapping},
	volume={15},
	number={1},
	pages={1--25},
	year={2002},
	publisher={Wiley Online Library}
}

@article{Salimi2011,
	title={Adjusting the effect of nonstationarity in cluster-based and TFCE inference},
	author={Salimi-Khorshidi, Gholamreza and Smith, Stephen M and Nichols, Thomas E},
	journal={Neuroimage},
	volume={54},
	number={3},
	pages={2006--2019},
	year={2011},
	publisher={Elsevier}
}

@article{Silver2011,
	title={False positives in neuroimaging genetics using voxel-based morphometry data},
	author={Silver, Matt and Montana, Giovanni and Nichols, Thomas E and Alzheimer's Disease Neuroimaging Initiative and others},
	journal={Neuroimage},
	volume={54},
	number={2},
	pages={992--1000},
	year={2011},
	publisher={Elsevier}
}

@article{Smith2009,
	title={Threshold-free cluster enhancement: addressing problems of smoothing, threshold dependence and localisation in cluster inference},
	author={Smith, Stephen M and Nichols, Thomas E},
	journal={Neuroimage},
	volume={44},
	number={1},
	pages={83--98},
	year={2009},
	publisher={Elsevier}
}

My Papers:
@article{Davenport2019,
	author = {Davenport, Samuel J. and Nichols, Thomas E.},
	title = {Selective peak inference: Unbiased estimation of raw and standardized effect size at local maxima},
	elocation-id = {500512},
	year = {2019},
	doi = {10.1101/500512},
	publisher = {Cold Spring Harbor Laboratory},
	abstract = {The spatial signals in neuroimaging mass univariate analyses can be characterized in a number of ways, but one widely used approach is peak inference: the identification of peaks in the signal. Peak locations and magnitudes provide a useful summary of activation and are routinely reported, however, the magnitudes reflect selection bias as these points have both survived a threshold and are local maxima. In this paper we propose the use of bootstrap methods to estimate and correct this bias in order to estimate both the raw units change as well as standardized effect size measured with Cohen{\textquoteright}s d and partial R2. We evaluate our method with a massive open dataset, and discuss how the corrected estimates can be used to perform power analyses.},
	URL = {https://www.biorxiv.org/content/early/2019/05/02/500512},
	eprint = {https://www.biorxiv.org/content/early/2019/05/02/500512.full.pdf},
	journal = {bioRxiv}
}

@article{Davenport2021peak,
	author = {Davenport, Samuel J. and Nichols, Thomas E.},
	title = {Confidence regions for the location of peaks of a
	smooth random field},
	year = {2021}
}

Gaussianization papers
@article{Box1964,
	title={An analysis of transformations},
	author={Box, George EP and Cox, David R},
	journal={Journal of the Royal Statistical Society: Series B (Methodological)},
	volume={26},
	number={2},
	pages={211--243},
	year={1964},
	publisher={Wiley Online Library}
}


@article{Neyman1936,
	title={Contributions to the theory of testing statistical hypotheses.},
	author={Neyman, Jerzy and Pearson, Egon Sharpe},
	journal={Statistical Research Memoirs},
	year={1936}
}


Extra for thesis (need to sort)
@article{Quinn2019,
	title={{U}npacking transient event dynamics in electrophysiological power {S}pectra},
	author={Quinn, Andrew J and van Ede, Freek and Brookes, Matthew J and Heideman, Simone G and Nowak, Magdalena and Seedat, Zelekha A and Vidaurre, Diego and Zich, Catharina and Nobre, Anna C and Woolrich, Mark W},
	journal={Brain topography},
	pages={1--15},
	year={2019},
	publisher={Springer}
}

@techreport{Solomon1991,
	title={{PSD} computations using Welch's method.[Power Spectral Density (PSD)]},
	author={Solomon Jr, Otis M},
	year={1991},
	institution={Sandia National Labs., Albuquerque, NM (United States)}
}

@article{Braun1994,
	title={{S}outh {A}frica's {S}tepchild: {R}eading the work of {S}arah {G}ertrude {M}illin with emphasis upon its {B}iblical and {J}udaic aspects (1909-1951)},
	author={Braun, Lavinia},
	journal={PhD Thesis},
	year={1994}
}

@article{Welch1967,
	title={The use of fast Fourier transform for the estimation of power spectra: a method based on time averaging over short, modified periodograms},
	author={Welch, Peter},
	journal={IEEE Transactions on audio and electroacoustics},
	volume={15},
	number={2},
	pages={70--73},
	year={1967},
	publisher={IEEE}
}

@article{Bradley1981,
	title={Central limit theorems under weak dependence},
	author={Bradley Jr, Richard C},
	journal={Journal of Multivariate Analysis},
	volume={11},
	number={1},
	pages={1--16},
	year={1981},
	publisher={Elsevier}
}

Heavy Tails
@article{Chen2012,
	title={FMRI group analysis combining effect estimates and their variances},
	author={Chen, Gang and Saad, Ziad S and Nath, Audrey R and Beauchamp, Michael S and Cox, Robert W},
	journal={Neuroimage},
	volume={60},
	number={1},
	pages={747--765},
	year={2012},
	publisher={Elsevier}
}

@article{Fritsch2015,
	title={Robust regression for large-scale neuroimaging studies},
	author={Fritsch, Virgile and Da Mota, Benoit and Loth, Eva and Varoquaux, Ga{\"e}l and Banaschewski, Tobias and Barker, Gareth J and Bokde, Arun LW and Br{\"u}hl, R{\"u}diger and Butzek, Brigitte and Conrod, Patricia and others},
	journal={Neuroimage},
	volume={111},
	pages={431--441},
	year={2015},
	publisher={Elsevier}
}

@article{Wager2005,
	title={Increased sensitivity in neuroimaging analyses using robust regression},
	author={Wager, Tor D and Keller, Matthew C and Lacey, Steven C and Jonides, John},
	journal={Neuroimage},
	volume={26},
	number={1},
	pages={99--113},
	year={2005},
	publisher={Elsevier}
}

@article{Woolrich2008,
	title={Robust group analysis using outlier inference},
	author={Woolrich, Mark},
	journal={Neuroimage},
	volume={41},
	number={2},
	pages={286--301},
	year={2008},
	publisher={Elsevier}
}

@article{Roche2007,
	title={Mixed-effect statistics for group analysis in fMRI: a nonparametric maximum likelihood approach},
	author={Roche, Alexis and M{\'e}riaux, S{\'e}bastien and Keller, Merlin and Thirion, Bertrand},
	journal={Neuroimage},
	volume={38},
	number={3},
	pages={501--510},
	year={2007},
	publisher={Elsevier}
}

@book{Hatcher2005,
	title={Algebraic topology},
	author={Hatcher, Allen},
	year={2001},
	publisher={Online Copy}
}

@article{Benjamini1995,
	title={Controlling the false discovery rate: a practical and powerful approach to multiple testing},
	author={Benjamini, Yoav and Hochberg, Yosef},
	journal={Journal of the Royal statistical society: series B (Methodological)},
	volume={57},
	number={1},
	pages={289--300},
	year={1995},
	publisher={Wiley Online Library}
}

@article{slotnick2017,
	title={Resting-state fMRI data reflects default network activity rather than null data: A defense of commonly employed methods to correct for multiple comparisons},
	author={Slotnick, Scott D},
	journal={Cognitive neuroscience},
	volume={8},
	number={3},
	pages={141--143},
	year={2017},
	publisher={Taylor \& Francis}
}

@article{Bartlett1947,
	title={The use of transformations},
	author={Bartlett, Maurice S},
	journal={Biometrics},
	volume={3},
	number={1},
	pages={39--52},
	year={1947},
	publisher={JSTOR}
}

@inproceedings{Van1952,
	title={Order tests for the two-sample problem and their power},
	author={Van der Waerden, BL},
	booktitle={Indagationes Mathematicae (Proceedings)},
	volume={55},
	pages={453--458},
	year={1952},
	organization={Elsevier}
}